<record><leader>00000cas a2200000 a 4500</leader><controlfield tag="001">8777178</controlfield><controlfield tag="008">820915d18211822gaucr ne      0    0eng  </controlfield><datafield ind1=" " ind2=" " tag="010"><subfield code="a">sn 82014207 </subfield></datafield><datafield ind1=" " ind2=" " tag="040"><subfield code="a">DLC</subfield><subfield code="b">eng</subfield><subfield code="c">DLC</subfield><subfield code="d">NPX</subfield><subfield code="d">DLC</subfield><subfield code="d">NLG</subfield><subfield code="d">FUG</subfield><subfield code="d">OCL</subfield><subfield code="d">GUA</subfield><subfield code="d">DLC</subfield><subfield code="d">OCLCO</subfield><subfield code="d">OCLCQ</subfield><subfield code="d">OCLCF</subfield><subfield code="d">GUA</subfield><subfield code="d">OCLCO</subfield><subfield code="d">OCLCA</subfield></datafield><datafield ind1="1" ind2=" " tag="029"><subfield code="a">AU@</subfield><subfield code="b">000020129815</subfield></datafield><datafield ind1=" " ind2=" " tag="042"><subfield code="a">pcc</subfield></datafield><datafield ind1=" " ind2=" " tag="043"><subfield code="a">n-us-ga</subfield></datafield><datafield ind1="0" ind2="0" tag="050"><subfield code="a">Newspaper</subfield></datafield><datafield ind1="0" ind2=" " tag="130"><subfield code="a">Augusta chronicle &amp; Georgia gazette (Augusta, Ga. : 1821)</subfield></datafield><datafield ind1="1" ind2="0" tag="245"><subfield code="a">Augusta chronicle &amp; Georgia gazette.</subfield></datafield><datafield ind1="1" ind2=" " tag="246"><subfield code="i">Issues for August 26, 1822-August 29, 1822 called:</subfield><subfield code="a">Augusta chronicle and Georgia gazette</subfield></datafield><datafield ind1="1" ind2="3" tag="246"><subfield code="a">Chronicle and gazette</subfield><subfield code="f">Oct. 15, 1821-&lt;April 11, 1822&gt;</subfield></datafield><datafield ind1=" " ind2=" " tag="260"><subfield code="a">Augusta, Ga. :</subfield><subfield code="b">B.T. Duyckinck,</subfield><subfield code="c">[1821-1822]</subfield></datafield><datafield ind1=" " ind2=" " tag="300"><subfield code="a">v. ;</subfield><subfield code="c">53 cm.</subfield></datafield><datafield ind1=" " ind2=" " tag="310"><subfield code="a">Semiweekly</subfield></datafield><datafield ind1="0" ind2=" " tag="362"><subfield code="a">Vol. 36, new ser. no. 1 (Oct. 15, 1821)-v. 36, no. 93 (Aug. 29, 1822).</subfield></datafield><datafield ind1=" " ind2=" " tag="500"><subfield code="a">Edited by Joseph Vallence Bevan, Oct. 15, 1821-Aug. 22, 1822.</subfield></datafield><datafield ind1=" " ind2=" " tag="515"><subfield code="a">Some issues from Jan. 1822 called 1821 in error.</subfield></datafield><datafield ind1=" " ind2=" " tag="515"><subfield code="a">Occasional irregularities in captions.</subfield></datafield><datafield ind1=" " ind2=" " tag="515"><subfield code="a">"New series" caption drops off with vol. 36, no. 91, but new ser. numbering continues.</subfield></datafield><datafield ind1=" " ind2=" " tag="515"><subfield code="a">Enumeration on some copies of final issue may appear as vol. 36, no. 92.</subfield></datafield><datafield ind1=" " ind2=" " tag="530"><subfield code="a">Also issued on microfilm from the Library of Congress Photoduplication Service, and the University of Georgia Libraries.</subfield></datafield><datafield ind1=" " ind2=" " tag="580"><subfield code="a">Merged with: Georgia advertiser, to form: Augusta chronicle and Georgia advertiser (Augusta, Ga. : Semiweekly).</subfield></datafield><datafield ind1=" " ind2=" " tag="580"><subfield code="a">May also be published in a weekly "country paper" edition.</subfield></datafield><datafield ind1=" " ind2="0" tag="651"><subfield code="a">Augusta (Ga.)</subfield><subfield code="v">Newspapers.</subfield></datafield><datafield ind1=" " ind2="0" tag="651"><subfield code="a">Richmond County (Ga.)</subfield><subfield code="v">Newspapers.</subfield></datafield><datafield ind1=" " ind2="7" tag="651"><subfield code="a">Georgia</subfield><subfield code="z">Augusta.</subfield><subfield code="2">fast</subfield><subfield code="0">(OCoLC)fst01206406</subfield></datafield><datafield ind1=" " ind2="7" tag="651"><subfield code="a">Georgia</subfield><subfield code="z">Richmond County.</subfield><subfield code="2">fast</subfield><subfield code="0">(OCoLC)fst01215116</subfield></datafield><datafield ind1=" " ind2="7" tag="655"><subfield code="a">Newspapers.</subfield><subfield code="2">fast</subfield><subfield code="0">(OCoLC)fst01423814</subfield></datafield><datafield ind1="1" ind2=" " tag="700"><subfield code="a">Bevan, Joseph Vallence,</subfield><subfield code="d">1798-1830.</subfield></datafield><datafield ind1=" " ind2=" " tag="752"><subfield code="a">United States</subfield><subfield code="b">Georgia</subfield><subfield code="c">Richmond</subfield><subfield code="d">Augusta.</subfield></datafield><datafield ind1="0" ind2="8" tag="776"><subfield code="i">Online version:</subfield><subfield code="t">Augusta chronicle &amp; Georgia gazette (Augusta, Ga. : 1821)</subfield><subfield code="w">(DLC)  2017233553</subfield><subfield code="w">(OCoLC)1014021738</subfield></datafield><datafield ind1="0" ind2="0" tag="780"><subfield code="t">Augusta chronicle (Augusta, Ga. : 1820)</subfield><subfield code="w">(DLC)sn 82014206</subfield><subfield code="w">(OCoLC)8777064</subfield></datafield><datafield ind1="1" ind2="7" tag="785"><subfield code="t">Georgia advertiser</subfield><subfield code="w">(DLC)sn 82014197</subfield><subfield code="w">(OCoLC)8770280</subfield></datafield><datafield ind1="1" ind2="7" tag="785"><subfield code="t">Augusta chronicle and Georgia advertiser (Augusta, Ga. : Semiweekly)</subfield><subfield code="w">(DLC)sn 82014184</subfield><subfield code="w">(OCoLC)8769561</subfield></datafield></record>